
@article{lima2019,
	title = {Qualidade da madeira de eucalipto para aplicação como mourão tratado},
	author = {Lima, Pedro Augusto Fonseca and Demarchi, Jorge and Silva, Macksuel Fernandes Da and Moraes, Mariana Dianese Alves De and Caldas, {Diego José} and {Sette Júnior}, Carlos Roberto},
	year = {2019},
	month = {05},
	date = {2019-05-11},
	journal = {Revista de Ciências Agrárias},
	pages = {vol. 42 n.º 2 (2019)},
	doi = {10.19084/RCA.17179},
	url = {https://revistas.rcaap.pt/index.php/rca/article/view/17179},
	langid = {pt}
}

@article{lima2019a,
	title = {Qualidade da madeira de eucalipto para aplicação como mourão tratado},
	author = {Lima, Pedro Augusto Fonseca and Demarchi, Jorge and Silva, Macksuel Fernandes Da and Moraes, Mariana Dianese Alves De and Caldas, {Diego José} and {Sette Júnior}, Carlos Roberto},
	year = {2019},
	month = {05},
	date = {2019-05-11},
	journal = {Revista de Ciências Agrárias},
	pages = {vol. 42 n.º 2 (2019)},
	doi = {10.19084/RCA.17179},
	url = {https://revistas.rcaap.pt/index.php/rca/article/view/17179},
	langid = {pt}
}

@article{lima2019b,
	title = {Qualidade da madeira de eucalipto para aplicação como mourão tratado},
	author = {Lima, Pedro Augusto Fonseca and Demarchi, Jorge and Silva, Macksuel Fernandes Da and Moraes, Mariana Dianese Alves De and Caldas, {Diego José} and {Sette Júnior}, Carlos Roberto},
	year = {2019},
	month = {05},
	date = {2019-05-11},
	journal = {Revista de Ciências Agrárias},
	pages = {vol. 42 n.º 2 (2019)},
	doi = {10.19084/RCA.17179},
	url = {https://revistas.rcaap.pt/index.php/rca/article/view/17179},
	langid = {pt}
}

@article{lima2019,
	title = {Qualidade da madeira de eucalipto para aplicação como mourão tratado},
	author = {Lima, Pedro Augusto Fonseca and Demarchi, Jorge and Silva, Macksuel Fernandes Da and Moraes, Mariana Dianese Alves De and Caldas, {Diego José} and {Sette Júnior}, Carlos Roberto},
	year = {2019},
	month = {05},
	date = {2019-05-11},
	journal = {Revista de Ciências Agrárias},
	pages = {vol. 42 n.º 2 (2019)},
	doi = {10.19084/RCA.17179},
	url = {https://revistas.rcaap.pt/index.php/rca/article/view/17179},
	langid = {pt}
}
